@inproceedings{narayanan2008robust,
	  title={Robust de-anonymization of large sparse datasets},
	  author={Narayanan, Arvind and Shmatikov, Vitaly},
	  booktitle={Security and Privacy, 2008. SP 2008. IEEE Symposium on},
	  pages={111--125},
          year={2008},
          organization={IEEE}
}

@article{dwork2014algorithmic,
	  title={The algorithmic foundations of differential privacy},
	  author={Dwork, Cynthia and Roth, Aaron and others},
	  journal={Foundations and Trends{\textregistered} in Theoretical Computer Science},
	  volume={9},
          number={3--4},
	  pages={211--407},
	  year={2014},
	  publisher={Now Publishers, Inc.}
}

@article{homer2008resolving,
	  title={Resolving individuals contributing trace amounts of DNA to highly complex mixtures using high-density SNP genotyping microarrays},
	  author={Homer, Nils and Szelinger, Szabolcs and Redman, Margot and Duggan, David and Tembe, Waibhav and Muehling, Jill and Pearson, John V and Stephan, Dietrich A and Nelson, Stanley F and Craig, David W},
	  journal={PLoS genetics},
	  volume={4},
	  number={8},
          pages={e1000167},
          year={2008},
	  publisher={Public Library of Science}
}
